@misc{mipsref,
    title={MIPS Reference Sheet}, 
    author={Kevin Liston},
    url={https://inst.eecs.berkeley.edu/~cs61c/resources/MIPS_help.html}
    }

@misc{netlib,
    title={Netlib},
    url={http://www.netlib.org/benchmark/linpackc.new},
    }

@misc{perfwiki,
    title={Tutorial },
    url={https://perf.wiki.kernel.org/index.php/Tutorial},
    journal={Perf Wiki}
    }